<?xml version="1.0" encoding="UTF-8"?><record xmlns="http://www.loc.gov/MARC21/slim" xmlns:cinclude="http://apache.org/cocoon/include/1.0" xmlns:zs="http://www.loc.gov/zing/srw/">
  <leader>00444nz  a2200145n  4500</leader>
  <controlfield tag="001">no 00073906 </controlfield>
  <controlfield tag="003">DLC</controlfield>
  <controlfield tag="005">20000913064520.0</controlfield>
  <controlfield tag="008">000912n| acannaabn          |n aaa     c</controlfield>
  <datafield tag="010" ind1=" " ind2=" ">
    <subfield code="a">no 00073906 </subfield>
  </datafield>
  <datafield tag="035" ind1=" " ind2=" ">
    <subfield code="a">(OCoLC)oca05308236</subfield>
  </datafield>
  <datafield tag="040" ind1=" " ind2=" ">
    <subfield code="a">NBuU</subfield>
    <subfield code="b">eng</subfield>
    <subfield code="c">NBuU</subfield>
  </datafield>
  <datafield tag="100" ind1="1" ind2=" ">
    <subfield code="a">Hart, Gerald T.</subfield>
  </datafield>
  <datafield tag="670" ind1=" " ind2=" ">
    <subfield code="a">Confederated Ute Indian lands, 1974:</subfield>
    <subfield code="b">t.p. (Gerald T. Hart)</subfield>
  </datafield>
  <datafield tag="670" ind1=" " ind2=" ">
    <subfield code="a">LC in OCLC, Sept. 11, 2000</subfield>
    <subfield code="b">(hdg.: Hart, Gerald T.; usage: Gerald T. Hart)</subfield>
  </datafield>
</record>